<collection xmlns="http://www.loc.gov/MARC21/slim">
<record>
  <leader>01327nam0a22002651i 450 </leader>
  <controlfield tag="001">IT\ICCU\CNCE\060982</controlfield>
  <controlfield tag="005">20180410000000.0</controlfield>
  <datafield tag="012" ind1=" " ind2=" ">
    <subfield code="a">-:s- s--. isum QuQu (C) 1520 (R)</subfield>
    <subfield code="2">fei</subfield>
  </datafield>
  <datafield tag="100" ind1=" " ind2=" ">
    <subfield code="a">20050823d1520        0itac0103    ba</subfield>
  </datafield>
  <datafield tag="101" ind1=" " ind2=" ">
    <subfield code="a">LAT</subfield>
  </datafield>
  <datafield tag="102" ind1=" " ind2=" ">
    <subfield code="a">IT</subfield>
  </datafield>
  <datafield tag="200" ind1="1" ind2=" ">
    <subfield code="a">℗Manilii Cabacii Ralii ℗Elegia eroice de discessu Licinuae</subfield>
  </datafield>
  <datafield tag="210" ind1=" " ind2=" ">
    <subfield code="e">Impressum Neapoli</subfield>
    <subfield code="g">in aedibus Ioan. Pasquet. de Sallo</subfield>
    <subfield code="h">1520 xv Decemb.</subfield>
  </datafield>
  <datafield tag="215" ind1=" " ind2=" ">
    <subfield code="a">\36! c.</subfield>
    <subfield code="d">4ʻ</subfield>
  </datafield>
  <datafield tag="300" ind1=" " ind2=" ">
    <subfield code="a">E&apos; la stessa edizione descritta in 8022 ma prima del primo fasciolo</subfield>
  </datafield>
  <datafield tag="620" ind1=" " ind2=" ">
    <subfield code="a">IT</subfield>
    <subfield code="d">Napoli</subfield>
  </datafield>
  <datafield tag="700" ind1=" " ind2="1">
    <subfield code="a">Cabacio Rallo,</subfield>
    <subfield code="b">Manilio</subfield>
    <subfield code="3">IT\ICCU\CNCA\002304</subfield>
  </datafield>
  <datafield tag="712" ind1="0" ind2="0">
    <subfield code="a">Pasquet, Jean</subfield>
    <subfield code="3">IT\ICCU\CNCT\000143</subfield>
    <subfield code="4">650</subfield>
  </datafield>
  <datafield tag="790" ind1=" " ind2="1">
    <subfield code="a">Rallo,</subfield>
    <subfield code="b">Manilio Cabacio</subfield>
    <subfield code="3">IT\ICCU\CNCA\014721</subfield>
    <subfield code="z">Cabacio Rallo, Manilio</subfield>
  </datafield>
  <datafield tag="790" ind1=" " ind2="1">
    <subfield code="a">Rhallus,</subfield>
    <subfield code="b">Manilius Cabacius</subfield>
    <subfield code="3">IT\ICCU\CNCA\014902</subfield>
    <subfield code="z">Cabacio Rallo, Manilio</subfield>
  </datafield>
  <datafield tag="791" ind1="0" ind2="0">
    <subfield code="a">Pasquetus, Ioanannes de Sallo</subfield>
    <subfield code="3">IT\ICCU\CNCT\005302</subfield>
    <subfield code="z">Pasquet, Jean</subfield>
  </datafield>
  <datafield tag="791" ind1="0" ind2="0">
    <subfield code="a">Pasquetti, Giovanni</subfield>
    <subfield code="3">IT\ICCU\CNCT\006395</subfield>
    <subfield code="z">Pasquet, Jean</subfield>
  </datafield>
  <datafield tag="801" ind1=" " ind2="3">
    <subfield code="a">IT</subfield>
    <subfield code="b">ICCU</subfield>
    <subfield code="c">20201115</subfield>
  </datafield>
  <datafield tag="911" ind1=" " ind2=" ">
    <subfield code="a">Nel coloph.</subfield>
    <subfield code="9">IT\ICCU\CNCM\000015</subfield>
  </datafield>
  <datafield tag="921" ind1=" " ind2=" ">
    <subfield code="a">IT\ICCU\CNCM\000015</subfield>
    <subfield code="b">S. Giovanni Battista che tiene con la destra un cerchio con le iniziali I.P.D.S. sormontato da doppia croce terminante con lo stendardo dell&apos;agnus dei</subfield>
    <subfield code="c">A1</subfield>
    <subfield code="c">K112</subfield>
    <subfield code="c">Z673</subfield>
    <subfield code="f">BATTISTA</subfield>
    <subfield code="f">CERCHIO</subfield>
    <subfield code="f">CROCE</subfield>
    <subfield code="f">GIOVANNI</subfield>
    <subfield code="f">STENDARDO</subfield>
    <subfield code="g">1518-1521</subfield>
  </datafield>
</record>
</collection>
